%containing a complete list of books and other publications that are either explicitly referred to in the text, or which are recommended for further reading on the topic

@book{cormen2009introduction,
  title={Introduction to algorithms},
  author={Cormen, Thomas H},
  year={2009},
  publisher={MIT press}
}

@article{lewis1997threading,
  title={Threading electronic mail: A preliminary study},
  author={Lewis, David D and Knowles, Kimberly A},
  journal={Information processing \& management},
  volume={33},
  number={2},
  pages={209--217},
  year={1997},
  publisher={Elsevier}
}

@techreport{palme1998message,
  title={Message threading in e-mail software},
  author={Palme, Jacob},
  year={1998},
  institution={Citeseer}
}

@online{florin2018,
  title={Threads in Slack, a long design journey},
  howpublished="\url{https://slack.design/threads-in-slack-a-long-design-journey-a7c3f410ecb4}",
  author={Florin, Hubert},
  year={2018},
  note={Accessed 28-11-2019}
}

@misc{electron-architecture,
  title={Electron API Documentation - Application Architecture, v6.0},
  howpublished="\url{https://github.com/electron/electron/blob/6-0-x/docs/tutorial/application-architecture.md}",
}

@misc{electron-performance,
  title={Electron API Documentation - Performance},
  howpublished="\url{https://github.com/electron/electron/blob/master/docs/tutorial/performance.md}",
  note={Accessed 30-11-2019}
}

@misc{enzyme,
  title={Enzyme Introduction},
  howpublished="\url{https://airbnb.io/enzyme}",
  note={Accessed 30-11-2019}
}

@misc{jest-snapshot,
  title={Jest Snapshot Testing, v24.9},
  howpublished="\url{https://jestjs.io/docs/en/snapshot-testing}",
  note={Accessed 01-12-2019}
}

@misc{nodemailer,
  title={Nodemailer Documentation},
  howpublished="\url{https://github.com/nodemailer/nodemailer}",
  note={Accessed 01-12-2019}
}

@misc{smtp-client,
  title={smtp-client Documentation},
  howpublished="\url{https://github.com/xpepermint/smtp-client}",
  note={Accessed 01-12-2019}
}

@misc{smtp-rfc,
  title={RFC 5321 - Simple Mail Transfer Protocol},
  author={Klensin, J},
  howpublished="\url{http://tools.ietf.org/html/rfc5321}"
}

@misc{imap-rfc,
  title={RFC 3501 - INTERNET MESSAGE ACCESS PROTOCOL - VERSION 4rev1},
  author={Crispin, M},
  howpublished="\url{http://tools.ietf.org/html/rfc3501}"
}

@misc{pop-rfc,
  title={RFC 1939 - Post Office Protocol - Version 3},
  author={Myers, J and Rose, M},
  howpublished="\url{https://tools.ietf.org/html/rfc1939}"
}

@misc{node-imap,
  title={node-imap Documentation},
  howpublished="\url{https://github.com/mscdex/node-imap}",
  note={Accessed 01-12-2019}
}

@misc{imap-simple,
  title={imap-simple Documentation},
  howpublished="\url{https://github.com/chadxz/imap-simple}",
  note={Accessed 01-12-2019}
}